
@Article{PMID:18996895,
  author =       {Kuhn, RM and others.},
  title =        {{The} {UCSC} {Genome} {Browser} {Database:} Update 2009},
  journal =      {Nucleic Acids Res.},
  year =         {2009},
  OPTkey =       {},
  OPTvolume =    {37},
  OPTnumber =    {},
  OPTpages =     {D755--D761},
  OPTmonth =     {},
  OPTnote =      {},
  OPTannote =    {}
}

@Article{PMID:2582368,
  author =       {Cornish-Bowden, A},
  title =        {{N}omenclature for incompletely specified bases in
                  nucleic acid sequences: recommendations 1984},
  journal =      {Nucleic Acids Res.},
  year =         {1985},
  OPTkey =       {},
  OPTvolume =    {13},
  OPTnumber =    {},
  OPTpages =     {3021--3030},
  OPTmonth =     {May},
  OPTnote =      {},
  OPTannote =    {}
}

@misc{gmod-chado,
  key          = {gmod-chado},
  organization = {Generic Model Organism Database project},
  title        = {Chado},
  howpublished = "WWW",
  note         = "\url{http://www.gmod.org}"
}
